<record xmlns="http://www.openarchives.org/OAI/2.0/" xmlns:xsi="http://www.w3.org/2001/XMLSchema-instance"><header><identifier>oai:alma.34CSIC_INST:9917878999104201</identifier><datestamp>2020-03-05T10:57:15Z</datestamp><setSpec>manuscripta</setSpec></header><metadata><record xmlns="http://www.loc.gov/MARC21/slim" xmlns:xsi="http://www.w3.org/2001/XMLSchema-instance" xsi:schemaLocation="http://www.loc.gov/MARC21/slim http://www.loc.gov/standards/marcxml/schema/MARC21slim.xsd"><leader>04594ntm a2200385 i 4500</leader><controlfield tag="005">20200305114618.0</controlfield><controlfield tag="008">101028sn       sp            000 0 ara d</controlfield><controlfield tag="001">9917878999104201</controlfield><datafield tag="035" ind1=" " ind2=" "><subfield code="a">CSIC9917878999104201</subfield></datafield><datafield tag="035" ind1=" " ind2=" "><subfield code="a">(OCoLC)1123881918</subfield></datafield><datafield tag="040" ind1=" " ind2=" "><subfield code="a">ES-MaCSI</subfield><subfield code="b">spa</subfield></datafield><datafield tag="245" ind1="1" ind2="0"><subfield code="a">Documento de permuta entre Abū Ŷaʻfar Aḥmad b. Muḥammad al-Qirbilyānī y Abū ʻAbd Allāh Muḥammad b. Muḥammad al-Ḥāŷŷ Faraŷ</subfield><subfield code="h">[Manuscrito]</subfield></datafield><datafield tag="260" ind1=" " ind2=" "><subfield code="a">Baza,</subfield><subfield code="c">863 [1459].</subfield></datafield><datafield tag="300" ind1=" " ind2=" "><subfield code="a">1  f.</subfield><subfield code="c">22 x 14 cm.</subfield></datafield><datafield tag="490" ind1="1" ind2=" "><subfield code="a">Manuscripta</subfield></datafield><datafield tag="518" ind1=" " ind2=" "><subfield code="a">2 de šawwāl de 863 /  2 de agosto de 1459</subfield></datafield><datafield tag="546" ind1=" " ind2=" "><subfield code="a">Arabe</subfield><subfield code="b">Escritura magrebí cursiva</subfield></datafield><datafield tag="505" ind1=" " ind2=" "><subfield code="a">Al-Qirbilyānī cede un lugar en las afueras de Baza a cambio de que al-Ḥāŷŷ Faraŷ le entregue otro lugar situado en el alfoz de la alquería de Saḥīm</subfield></datafield><datafield tag="500" ind1=" " ind2=" "><subfield code="a">أوله : بسم الله الرحمن الرحيم صلى الله على محمد واله تعاوض المكرامان ابو جعفر احمد بن محمد القربلياني وابو عبد الله محمد بن محمد الحاج فرج وذالك بان خرج له احد المذكورين جميع الموضع المعلوم له بحوز [الصلر] خارج بسطة حرسها الله</subfield></datafield><datafield tag="500" ind1=" " ind2=" "><subfield code="a">آخره : واشهدا به [بجواز] في الثا[ني] شوال عام ثلاثة وستين وثمني ماية علي بن علي [يحيى]</subfield></datafield><datafield tag="500" ind1=" " ind2=" "><subfield code="a">Distribución: 1 col., 17 líneas</subfield></datafield><datafield tag="500" ind1=" " ind2=" "><subfield code="a">Material: Papel</subfield></datafield><datafield tag="500" ind1=" " ind2=" "><subfield code="a">Tinta: Negra</subfield></datafield><datafield tag="541" ind1=" " ind2=" "><subfield code="a">Procedencia: desconocida</subfield></datafield><datafield tag="583" ind1=" " ind2=" "><subfield code="a">Catalogación de María Dolores Rodríguez (UGR) y Amalia Zomeño (ILC, CSIC) en el marco del proyecto de investigación "La Granada nazarí en el siglo XV: microhistoria de una entidad islámica en Occidente" (FFI2016-79252-P), AEI/FEDER, EU, dirigido desde la Escuela de Estudios Árabes.</subfield></datafield><datafield tag="588" ind1=" " ind2=" "><subfield code="a">Se encontraba en una carpeta con el título “Documentos de Zújar” dentro de una carpetilla donde dice: - Documentosde Zújar. Notas de estudio. En esta carpetilla hay una cuartilla con la transcripción manual del texto, una nota manuscrita en la que dice "Encontrados en una casa de Zújar, con una bandera de seda que está en poder de un particular"  y otra nota con palabras en árabe y su traducción</subfield></datafield><datafield tag="588" ind1=" " ind2=" "><subfield code="a">Al final de la carpeta 3 hay una copia del artículo: Seco de Lucena Paredes, Luis. Un nuevo texto en árabe dialectal granadino.- Al-Andalus XX (1955), 153-165</subfield></datafield><datafield tag="650" ind1=" " ind2="7"><subfield code="a">Contratos</subfield><subfield code="z">Granada (Reino)</subfield><subfield code="y">14..</subfield><subfield code="2">CSICAU</subfield></datafield><datafield tag="650" ind1=" " ind2="7"><subfield code="a">Propiedad rústica</subfield><subfield code="z">Granada (Reino)</subfield><subfield code="y">14..</subfield><subfield code="2">CSICAU</subfield></datafield><datafield tag="650" ind1=" " ind2="7"><subfield code="a">Documentos árabes</subfield><subfield code="z">Granada (Reino)</subfield><subfield code="y">14..</subfield><subfield code="2">CSICAU</subfield></datafield><datafield tag="650" ind1=" " ind2="7"><subfield code="a">Protocolos notariales</subfield><subfield code="z">Granada (Reino)</subfield><subfield code="y">14..</subfield><subfield code="2">CSICAU</subfield></datafield><datafield tag="651" ind1=" " ind2="7"><subfield code="a">Granada (Reino)</subfield><subfield code="x">Historia</subfield><subfield code="y">14..</subfield><subfield code="v">Fuentes.</subfield><subfield code="2">CSICAU</subfield></datafield><datafield tag="773" ind1="1" ind2=" "><subfield code="w">9917876698104201</subfield><subfield code="t">Documentos árabes</subfield><subfield code="h">[Manuscrito]</subfield></datafield><datafield tag="830" ind1=" " ind2="0"><subfield code="a">Manuscripta</subfield></datafield><datafield tag="856" ind1="4" ind2="1"><subfield code="u">http://simurg.bibliotecas.csic.es/viewer/image/9917878999104201/1/LOG_0000/</subfield><subfield code="z">Ver texto completo en SIMURG, el portal de fondos digitalizados del CSIC</subfield></datafield></record></metadata></record>